@inproceedings{mckay2004automatic,
  title={Automatic genre classification as a study of the viability of high-level features for music classification},
  author={McKay, Cory},
  booktitle={Proceedings of the International Computer Music Conference},
  year={2004}
}
@inproceedings{mckay2004automatic2,
  title={Automatic Genre Classification Using Large High-Level Musical Feature Sets.},
  author={McKay, Cory and Fujinaga, Ichiro},
  booktitle={ISMIR},
  volume={2004},
  pages={525--530},
  year={2004},
  organization={Citeseer}
}
@MastersThesis{mckay2004,
    author     =     {McKay, Cory},
    title     =     {{Automatic Genre Classification of MIDI Recordings}},
    school     =     {McGill University, Montreal},
    address     =     {Canada},
    year     =     {2004},
}

@misc{jazzomat,
  title = {{Jazzomat Research Project}},
  author = {{Jazzomat Research Project}},
  howpublished = {\url{http://jazzomat.hfm-weimar.de/dbformat/dbcontent.html}},
  note = {Accessed: 2016-04-06}
}